<record><leader>00000cas a22000007a 4500</leader><controlfield tag="001">11161790</controlfield><controlfield tag="008">840917d18641866iauwr ne      0    0eng d</controlfield><controlfield tag="009">3768</controlfield><datafield ind1=" " ind2=" " tag="010"><subfield code="a">sn 84038074 </subfield></datafield><datafield ind1=" " ind2=" " tag="040"><subfield code="a">NPX</subfield><subfield code="b">eng</subfield><subfield code="c">NPX</subfield><subfield code="d">INP</subfield></datafield><datafield ind1="1" ind2=" " tag="029"><subfield code="a">AU@</subfield><subfield code="b">000025818260</subfield></datafield><datafield ind1=" " ind2=" " tag="042"><subfield code="a">msc</subfield></datafield><datafield ind1="0" ind2=" " tag="130"><subfield code="a">Charles City intelligencer (Charles City, Iowa : 1864)</subfield></datafield><datafield ind1="0" ind2="0" tag="245"><subfield code="a">Charles City intelligencer.</subfield></datafield><datafield ind1=" " ind2=" " tag="260"><subfield code="a">Charles City, Floyd County, Iowa :</subfield><subfield code="b">A.B.F. Hildreth,</subfield><subfield code="c">1864-1866.</subfield></datafield><datafield ind1=" " ind2=" " tag="300"><subfield code="a">3 v.</subfield></datafield><datafield ind1=" " ind2=" " tag="310"><subfield code="a">Weekly</subfield></datafield><datafield ind1="0" ind2=" " tag="362"><subfield code="a">Vol. 8, no. 22 (June 2, 1864)-v. 10, no. 1 (Jan. 4, 1866).</subfield></datafield><datafield ind1=" " ind2=" " tag="500"><subfield code="a">Editor: A.B.F. Hildreth, &lt;1865&gt;.</subfield></datafield><datafield ind1=" " ind2=" " tag="752"><subfield code="a">United States</subfield><subfield code="b">Iowa</subfield><subfield code="c">Floyd</subfield><subfield code="d">Charles City.</subfield></datafield><datafield ind1="0" ind2="0" tag="780"><subfield code="t">Charles City Republican intelligencer</subfield><subfield code="w">(DLC)sn 82014140</subfield></datafield><datafield ind1="0" ind2="0" tag="785"><subfield code="t">Hildreth's Charles City intelligencer</subfield><subfield code="w">(DLC)sn 87058420</subfield></datafield></record>